@article{dietz2015understanding,
  title={Understanding integer overflow in C/C++},
  author={Dietz, Will and Li, Peng and Regehr, John and Adve, Vikram},
  journal={ACM Transactions on Software Engineering and Methodology (TOSEM)},
  volume={25},
  number={1},
  pages={1--29},
  year={2015},
  publisher={ACM New York, NY, USA}
}

@misc{IntegerOverflowWikipedia,
mendeley-groups = {Binary Exploitation Memory Corruption and Reverse Engineering},
title = {{Integer overflow - Wikipedia}},
url = {https://en.wikipedia.org/wiki/Integer_overflow},
urldate = {2020-02-20}
}

@misc{Blexim2002,
author = {Blexim},
booktitle = {Phrack Magazine #60},
mendeley-groups = {Binary Exploitation Memory Corruption and Reverse Engineering},
month = {dec},
title = {{Basic Integer Overflows .:: Phrack Magazine ::.}},
url = {http://phrack.org/issues/60/10.html},
urldate = {2020-02-20},
year = {2002}
}

@misc{IntegerOverflowScienceDirect,
mendeley-groups = {Binary Exploitation Memory Corruption and Reverse Engineering},
title = {{Integer Overflow - an overview | ScienceDirect Topics}},
url = {https://www.sciencedirect.com/topics/computer-science/integer-overflow},
urldate = {2020-02-20}
}

@misc{QuoraDataTypesSizes,
mendeley-groups = {Binary Exploitation Memory Corruption and Reverse Engineering},
title = {{In C language, the integer takes 2 bytes for a 32-bit compiler and 4 bytes for a 64-bit compiler. The float always takes 4 bytes. The character always takes 1 byte. So why is there only variation in the case of integers? - Quora}},
url = {https://www.quora.com/In-C-language-the-integer-takes-2-bytes-for-a-32-bit-compiler-and-4-bytes-for-a-64-bit-compiler-The-float-always-takes-4-bytes-The-character-always-takes-1-byte-So-why-is-there-only-variation-in-the-case-of-integers},
urldate = {2020-02-23}
}

@misc{NewCIntegerC99,
mendeley-groups = {Binary Exploitation Memory Corruption and Reverse Engineering},
title = {{The New C: Integers in C99, Part 1 | Dr Dobb's}},
url = {https://www.drdobbs.com/the-new-c-integers-in-c99-part-1/184401323},
urldate = {2020-02-23}
}



@misc{Top25CWE2019,
mendeley-groups = {Binary Exploitation Memory Corruption and Reverse Engineering},
title = {{CWE - 2019 CWE Top 25 Most Dangerous Software Errors}},
url = {https://cwe.mitre.org/top25/archive/2019/2019_cwe_top25.html#cwe_top_25},
urldate = {2020-02-22}
}

@article{lyon1976two,
  title={Two's complement pipeline multipliers},
  author={Lyon, Richard},
  journal={IEEE Transactions on Communications},
  volume={24},
  number={4},
  pages={418--425},
  year={1976},
  publisher={IEEE}
}

@misc{TwosComplementWikipedia,
mendeley-groups = {Binary Exploitation Memory Corruption and Reverse Engineering},
title = {{Two's complement - Wikipedia}},
url = {https://en.wikipedia.org/wiki/Two%27s_complement},
urldate = {2020-02-23}
}









